@INPROCEEDINGS{srr,

  author={Elseberg, Jan and Borrmann, Dorit and NÃ¼chter, Andreas},

  booktitle={2012 IEEE/RSJ International Conference on Intelligent Robots and Systems}, 

  title={6DOF semi-rigid SLAM for mobile scanning}, 

  year={2012},

  volume={},

  number={},

  pages={1865-1870},

  keywords={Trajectory;Mobile communication;Vehicles;Laser modes;Global Positioning System;Measurement by laser beam},

  doi={10.1109/IROS.2012.6385509}}

@inproceedings{geofit,
author = {Ahn, Sung Joon and Rauh, Wolfgang and Recknagel, Matthias},
year = {1999},
month = {01},
pages = {},
title = {Geometric Fitting of Line, Plane, Circle, Sphere, and Ellipse},
journal = {ABW-Workshop 6, Technische Akademie Esslingen, 25.-26. 01. 1999}
}
